<?xml version="1.0" encoding="UTF-8"?><collection xmlns="http://www.loc.gov/MARC21/slim"><record><leader>00446nam--2200145-i-4500</leader><controlfield tag="001">000034020</controlfield><controlfield tag="002">20161230</controlfield><controlfield tag="005">20161230201039</controlfield><controlfield tag="008">060222s1000------------r-----000-0-eng-d</controlfield><datafield ind1=" " ind2=" " tag="080"><subfield code="a">514.11</subfield></datafield><datafield ind1=" " ind2=" " tag="100"><subfield code="a">Moscovici, M.`</subfield></datafield><datafield ind1=" " ind2=" " tag="245"><subfield code="a">O interpretare geometrica naturala a solutiilor complexe rezultate din unele probleme de geometrie analitica</subfield></datafield><datafield ind1=" " ind2=" " tag="260"><subfield code="a">Bucuresti, Ed.Tehnica, 1956, 93p</subfield></datafield><datafield ind1=" " ind2=" " tag="852"><subfield code="a">47610</subfield><subfield code="c">515/516</subfield></datafield><datafield ind1=" " ind2=" " tag="CAT"><subfield code="a">Sys</subfield><subfield code="c">20080613</subfield><subfield code="h">101129</subfield></datafield></record></collection>